%% This BibTeX bibliography file was created using BibDesk.
%% http://bibdesk.sourceforge.net/


%% Created for Alan Hubbard at 2019-03-07 12:27:23 -0800 


%% Saved with string encoding Unicode (UTF-8) 



@article{luby2018effects,
	Author = {Luby, Stephen P and Rahman, Mahbubur and Arnold, Benjamin F and Unicomb, Leanne and Ashraf, Sania and Winch, Peter J and Stewart, Christine P and Begum, Farzana and Hussain, Faruqe and Benjamin-Chung, Jade and others},
	Date-Added = {2019-03-07 12:26:52 -0800},
	Date-Modified = {2019-03-07 12:26:52 -0800},
	Journal = {The Lancet Global Health},
	Number = {3},
	Pages = {e302--e315},
	Publisher = {Elsevier},
	Title = {Effects of water quality, sanitation, handwashing, and nutritional interventions on diarrhoea and child growth in rural Bangladesh: a cluster randomised controlled trial},
	Volume = {6},
	Year = {2018}}

@incollection{diaz2018stochastic,
	Author = {D{\'\i}az, Iv{\'a}n and {van der Laan}, Mark J},
	Booktitle = {Targeted Learning in Data Science: Causal Inference for Complex Longitudinal Studies},
	Pages = {167--180},
	Publisher = {Springer Science \& Business Media},
	Title = {Stochastic Treatment Regimes},
	Year = {2018}}

@article{diaz2012population,
	Author = {D{\'\i}az, Iv{\'a}n and {van der Laan}, Mark J},
	Journal = {Biometrics},
	Number = {2},
	Pages = {541--549},
	Publisher = {Wiley Online Library},
	Title = {Population intervention causal effects based on stochastic interventions},
	Volume = {68},
	Year = {2012}}

@book{vdl2018targeted,
	Author = {{van der Laan}, Mark J and Rose, Sherri},
	Publisher = {Springer Science \& Business Media},
	Title = {Targeted Learning in Data Science: Causal Inference for Complex Longitudinal Studies},
	Year = {2018}}

@book{vdl2011targeted,
	Author = {{van der Laan}, Mark J and Rose, Sherri},
	Publisher = {Springer Science \& Business Media},
	Title = {Targeted learning: causal inference for observational and experimental data},
	Year = {2011}}

@article{rose2011targeted2sd,
	Author = {Rose, Sherri and {van der Laan}, Mark J},
	Journal = {The International Journal of Biostatistics},
	Number = {1},
	Pages = {1--21},
	Title = {A targeted maximum likelihood estimator for two-stage designs},
	Volume = {7},
	Year = {2011}}

@article{diaz2011super,
	Author = {D{\'\i}az, Iv{\'a}n and {van der Laan}, Mark J},
	Journal = {The International Journal of Biostatistics},
	Number = {1},
	Pages = {1--20},
	Publisher = {De Gruyter},
	Title = {Super learner based conditional density estimation with application to marginal structural models},
	Volume = {7},
	Year = {2011}}
